%% This BibTeX bibliography file was created using BibDesk.
%% http://bibdesk.sourceforge.net/


%% Created for Filip at 2015-08-11 03:20:07 +0200 


%% Saved with string encoding Unicode (UTF-8) 



@article{gallo,
	Acmid = {153586},
	Address = {Amsterdam, The Netherlands, The Netherlands},
	Author = {Gallo, Giorgio and Longo, Giustino and Pallottino, Stefano and Nguyen, Sang},
	Date-Added = {2015-08-10 20:45:16 +0000},
	Date-Modified = {2015-08-10 20:45:24 +0000},
	Doi = {10.1016/0166-218X(93)90045-P},
	Issn = {0166-218X},
	Issue_Date = {April 27, 1993},
	Journal = {Discrete Appl. Math.},
	Month = apr,
	Number = {2-3},
	Numpages = {25},
	Pages = {177--201},
	Publisher = {Elsevier Science Publishers B. V.},
	Title = {Directed Hypergraphs and Applications},
	Url = {http://dx.doi.org/10.1016/0166-218X(93)90045-P},
	Volume = {42},
	Year = {1993},
	Bdsk-Url-1 = {http://dx.doi.org/10.1016/0166-218X(93)90045-P}}

@article{hypper,
	Author = {Pearson, KellyJ. and Zhang, Tan},
	Booktitle = {Graphs and Combinatorics},
	Da = {2014/09/01},
	Date-Added = {2015-08-10 20:43:45 +0000},
	Date-Modified = {2015-08-10 20:44:08 +0000},
	Doi = {10.1007/s00373-013-1340-x},
	Isbn = {0911-0119},
	J2 = {Graphs and Combinatorics},
	Keywords = {Hypergraph; Adjacency tensor; Spectral theory of hypergraph; 15A18; 15A69; 05C50; 05C65},
	La = {English},
	Number = {5},
	Pages = {1233-1248},
	Publisher = {Springer Japan},
	Title = {On Spectral Hypergraph Theory of the Adjacency Tensor},
	Ty = {JOUR},
	Url = {http://dx.doi.org/10.1007/s00373-013-1340-x},
	Volume = {30},
	Year = {2014},
	Bdsk-Url-1 = {http://dx.doi.org/10.1007/s00373-013-1340-x}}

@book{berge,
	Address = {Oxford, UK, UK},
	Author = {Berge, C.},
	Date-Added = {2015-08-10 20:27:58 +0000},
	Date-Modified = {2015-08-10 20:28:03 +0000},
	Isbn = {0720404797},
	Publisher = {Elsevier Science Ltd.},
	Title = {Graphs and Hypergraphs},
	Year = {1985}}

@article{vandoren,
	Author = {Van Dooren, Paul and Fraikin, Catherine},
	Date-Added = {2015-08-10 20:27:02 +0000},
	Date-Modified = {2015-08-10 20:27:11 +0000},
	Fjournal = {Bulletin of the Belgian Mathematical Society - Simon Stevin},
	Journal = {Bull. Belg. Math. Soc. Simon Stevin},
	Month = {11},
	Number = {4},
	Pages = {705--722},
	Publisher = {The Belgian Mathematical Society},
	Title = {Similarity matrices for colored graphs},
	Url = {http://projecteuclid.org/euclid.bbms/1257776243},
	Volume = {16},
	Year = {2009},
	Bdsk-Url-1 = {http://projecteuclid.org/euclid.bbms/1257776243}}

@mastersthesis{thesisjek,
	Author = {Zager, L.},
	Date-Added = {2015-08-10 20:24:11 +0000},
	Date-Modified = {2015-08-10 20:25:47 +0000},
	School = {Massachusetts Instiute of Technology},
	Title = {Graph similarity and matching},
	Year = {2005}}

@book{colebunders,
	Author = {Colebunders, E.},
	Date-Added = {2015-08-10 20:21:17 +0000},
	Date-Modified = {2015-08-10 20:21:40 +0000},
	Publisher = {Vrije Universiteit Brussel},
	Title = {Topologie},
	Year = {2012}}

@article{devos,
	Author = {Devos, M.},
	Date-Added = {2015-08-10 20:20:51 +0000},
	Date-Modified = {2015-08-10 20:21:13 +0000},
	Journal = {Simon Fraser University},
	Title = {Semidefinite Programming},
	Year = {2009}}

@book{laub,
	Address = {Philadelphia, PA, USA},
	Author = {Laub, Alan J.},
	Date-Added = {2015-08-10 20:20:39 +0000},
	Date-Modified = {2015-08-10 20:20:45 +0000},
	Isbn = {0898715768},
	Publisher = {Society for Industrial and Applied Mathematics},
	Title = {Matrix Analysis For Scientists And Engineers},
	Year = {2004}}

@article{zager,
	Author = {Laura A. Zager and George C. Verghese},
	Date-Added = {2015-08-10 20:19:30 +0000},
	Date-Modified = {2015-08-10 20:19:40 +0000},
	Doi = {http://dx.doi.org/10.1016/j.aml.2007.01.006},
	Issn = {0893-9659},
	Journal = {Applied Mathematics Letters},
	Keywords = {Graph alignment},
	Number = {1},
	Pages = {86 - 94},
	Title = {Graph similarity scoring and matching},
	Url = {http://www.sciencedirect.com/science/article/pii/S0893965907001012},
	Volume = {21},
	Year = {2008},
	Bdsk-Url-1 = {http://www.sciencedirect.com/science/article/pii/S0893965907001012},
	Bdsk-Url-2 = {http://dx.doi.org/10.1016/j.aml.2007.01.006}}

@article{tomasi,
	Author = {Tomasi,C.},
	Date-Added = {2015-08-10 20:15:20 +0000},
	Date-Modified = {2015-08-10 20:15:59 +0000},
	Journal = {Duke Universisty},
	Title = {Orthogonal Matrices and the Singual Value Decomposition},
	Year = {2013}}

@book{horn2,
	Address = {New York, NY, USA},
	Author = {Horn, Roger A},
	Date-Added = {2015-08-10 20:15:03 +0000},
	Date-Modified = {2015-08-10 20:15:08 +0000},
	Isbn = {0-521-30587-X},
	Publisher = {Cambridge University Press},
	Title = {Topics in Matrix Analysis},
	Year = {1986}}

@book{horn,
	Address = {New York, NY, USA},
	Date-Added = {2015-08-10 20:14:26 +0000},
	Date-Modified = {2015-08-10 20:14:38 +0000},
	Editor = {Horn, Roger A. and Johnson, Charles R.},
	Isbn = {0-521-30586-1},
	Publisher = {Cambridge University Press},
	Title = {Matrix Analysis},
	Year = {1986}}

@book{friedl,
	Author = {Friedl, S.},
	Date-Added = {2015-08-10 20:12:47 +0000},
	Date-Modified = {2015-08-10 20:13:07 +0000},
	Publisher = {Rice University},
	Title = {Linear Algebra},
	Year = {2004}}

@book{fouc,
	Author = {Foucart, S.},
	Date-Added = {2015-08-10 20:12:03 +0000},
	Date-Modified = {2015-08-10 20:12:42 +0000},
	Publisher = {Drexel University},
	Title = {Linear Algebra and Matrix Analysis},
	Year = {2010}}

@article{saari,
	Author = {Saari, Donald G.},
	Booktitle = {Economic Theory},
	Da = {2000/01/01},
	Date-Added = {2015-08-10 20:11:09 +0000},
	Date-Modified = {2015-08-10 20:11:17 +0000},
	Doi = {10.1007/s001990050001},
	Isbn = {0938-2259},
	J2 = {Econ Theory},
	Keywords = {Keywords and Phrases:Positional voting, Voting paradoxes, Social choice.; JEL Classification Number:D71.},
	La = {English},
	Number = {1},
	Pages = {1-53},
	Publisher = {Springer-Verlag},
	Title = {Mathematical structure of voting paradoxes},
	Ty = {JOUR},
	Url = {http://dx.doi.org/10.1007/s001990050001},
	Volume = {15},
	Year = {2000},
	Bdsk-Url-1 = {http://dx.doi.org/10.1007/s001990050001}}

@url{eurovision,
	Author = {Eurovision Broadcasting Union (EBU/UER)},
	Date-Added = {2015-08-10 20:07:55 +0000},
	Date-Modified = {2015-08-10 20:08:33 +0000},
	Title = {Official Website of the Eurovision Song Contest},
	Urldate = {May, 2015}}

@book{random,
	Author = {Deift, P. and Gioev, D.},
	Date-Added = {2015-08-10 20:07:44 +0000},
	Date-Modified = {2015-08-10 20:07:53 +0000},
	Isbn = {9780821883570},
	Publisher = {American Mathematical Soc.},
	Series = {Courant Lecture Notes},
	Title = {Random Matrix Theory: Invariant Ensembles and Universality},
	Url = {https://books.google.de/books?id=20RtpeOEvzwC},
	Year = {2009},
	Bdsk-Url-1 = {https://books.google.de/books?id=20RtpeOEvzwC}}

@article{kleinberg,
	Acmid = {324140},
	Address = {New York, NY, USA},
	Author = {Kleinberg, Jon M.},
	Date-Added = {2015-08-10 20:04:29 +0000},
	Date-Modified = {2015-08-10 20:04:33 +0000},
	Doi = {10.1145/324133.324140},
	Issn = {0004-5411},
	Issue_Date = {Sept. 1999},
	Journal = {J. ACM},
	Keywords = {World Wide Web, graph algorithms, hypertext structure, link analysis},
	Month = sep,
	Number = {5},
	Numpages = {29},
	Pages = {604--632},
	Publisher = {ACM},
	Title = {Authoritative Sources in a Hyperlinked Environment},
	Url = {http://doi.acm.org/10.1145/324133.324140},
	Volume = {46},
	Year = {1999},
	Bdsk-Url-1 = {http://doi.acm.org/10.1145/324133.324140},
	Bdsk-Url-2 = {http://dx.doi.org/10.1145/324133.324140}}

@article{blondel,
	Acmid = {1035557},
	Address = {Philadelphia, PA, USA},
	Author = {Blondel, Vincent D. and Gajardo, Anah\'{\i} and Heymans, Maureen and Senellart, Pierre and Dooren, Paul Van},
	Date-Added = {2015-08-10 20:03:31 +0000},
	Date-Modified = {2015-08-10 20:03:34 +0000},
	Doi = {10.1137/S0036144502415960},
	Issn = {0036-1445},
	Issue_Date = {2004},
	Journal = {SIAM Rev.},
	Keywords = {algorithms, eigenvalues of graphs, graph algorithms, graph theory},
	Month = apr,
	Number = {4},
	Numpages = {20},
	Pages = {647--666},
	Publisher = {Society for Industrial and Applied Mathematics},
	Title = {A Measure of Similarity Between Graph Vertices: Applications to Synonym Extraction and Web Searching},
	Url = {http://dx.doi.org/10.1137/S0036144502415960},
	Volume = {46},
	Year = {2004},
	Bdsk-Url-1 = {http://dx.doi.org/10.1137/S0036144502415960}}

@inproceedings{page,
	Acmid = {297827},
	Address = {Amsterdam, The Netherlands, The Netherlands},
	Author = {Brin, Sergey and Page, Lawrence},
	Booktitle = {Proceedings of the Seventh International Conference on World Wide Web 7},
	Date-Added = {2015-08-10 20:00:57 +0000},
	Date-Modified = {2015-08-10 20:01:02 +0000},
	Keywords = {Google, PageRank, World Wide Web, information retrieval, search engines},
	Location = {Brisbane, Australia},
	Numpages = {11},
	Pages = {107--117},
	Publisher = {Elsevier Science Publishers B. V.},
	Series = {WWW7},
	Title = {The Anatomy of a Large-scale Hypertextual Web Search Engine},
	Url = {http://dl.acm.org/citation.cfm?id=297805.297827},
	Year = {1998},
	Bdsk-Url-1 = {http://dl.acm.org/citation.cfm?id=297805.297827}}

@article{Lifshits,
	Author = {Lifshits, Y.},
	Date-Added = {2015-08-10 19:58:04 +0000},
	Date-Modified = {2015-08-10 20:00:02 +0000},
	Journal = {Steklov Insitute of Mathematics at St. Petersburg},
	Month = {May},
	Title = {Four Results of Jon Kleinberg: A Talk for St. Petersburg Mathematical Society},
	Year = {2007}}

@book{cara,
	Author = {Cara, P.},
	Date-Added = {2015-08-10 19:57:19 +0000},
	Date-Modified = {2015-08-11 01:16:33 +0000},
	Publisher = {Vrije Universiteit Brussel},
	Title = {Discrete Wiskunde},
	Year = {2011}}

@book{golub,
	Author = {Golub, G.H. and Van Loan, C.F.},
	Date-Added = {2015-08-10 19:57:11 +0000},
	Date-Modified = {2015-08-10 19:57:15 +0000},
	Isbn = {9781421407944},
	Lccn = {2012943449},
	Publisher = {Johns Hopkins University Press},
	Series = {Johns Hopkins Studies in the Mathematical Sciences},
	Title = {Matrix Computations},
	Url = {https://books.google.be/books?id=X5YfsuCWpxMC},
	Year = {2012},
	Bdsk-Url-1 = {https://books.google.be/books?id=X5YfsuCWpxMC}}

@book{12,
	Author = {Binmore, K.G.},
	Date-Added = {2015-08-10 19:55:48 +0000},
	Date-Modified = {2015-08-10 19:55:53 +0000},
	Isbn = {9780521288828},
	Lccn = {81021728},
	Publisher = {Cambridge University Press},
	Title = {Mathematical Analysis: A Straightforward Approach},
	Url = {https://books.google.be/books?id=qgLRDo\_R2PYC},
	Year = {1982},
	Bdsk-Url-1 = {https://books.google.be/books?id=qgLRDo%5C_R2PYC}}

@book{numeriekewiskunde,
	Author = {Bultheel, A.},
	Date-Added = {2015-08-10 19:55:13 +0000},
	Date-Modified = {2015-08-10 19:55:22 +0000},
	Isbn = {9789033462535},
	Publisher = {Acco},
	Title = {Inleiding tot de numerieke wiskunde},
	Url = {https://books.google.be/books?id=i-\_IXwAACAAJ},
	Year = {2006},
	Bdsk-Url-1 = {https://books.google.be/books?id=i-%5C_IXwAACAAJ}}

@book{11,
	Author = {De Meuter, W.},
	Date-Added = {2015-08-10 19:53:58 +0000},
	Date-Modified = {2015-08-10 19:54:22 +0000},
	Publisher = {Vrije Universiteit Brussel},
	Title = {Algoritmen en Datastructuren I},
	Year = {2011},
	Bdsk-File-1 = {YnBsaXN0MDDUAQIDBAUGJCVYJHZlcnNpb25YJG9iamVjdHNZJGFyY2hpdmVyVCR0b3ASAAGGoKgHCBMUFRYaIVUkbnVsbNMJCgsMDxJXTlMua2V5c1pOUy5vYmplY3RzViRjbGFzc6INDoACgAOiEBGABIAFgAdccmVsYXRpdmVQYXRoWWFsaWFzRGF0YV8QHS4uLy4uLy4uL0Rvd25sb2Fkcy8zMjQxNDAuYmli0hcLGBlXTlMuZGF0YU8RAWwAAAAAAWwAAgAADE1hY2ludG9zaCBIRAAAAAAAAAAAAAAAAAAAAMzSsD5IKwAABvAxAgozMjQxNDAuYmliAAAAAAAAAAAAAAAAAAAAAAAAAAAAAAAAAAAAAAAAAAAAAAAAAAAAAAAAAAAAAAAAAAAAAAAG9GW60e7QVgAAAAAAAAAAAAMAAgAACSAAAAAAAAAAAAAAAAAAAAAJRG93bmxvYWRzAAAQAAgAAMzSoi4AAAARAAgAANHutDYAAAABAAwG8DECBvAw/wAAkywAAgAwTWFjaW50b3NoIEhEOlVzZXJzOgBmaWxpcDoARG93bmxvYWRzOgAzMjQxNDAuYmliAA4AFgAKADMAMgA0ADEANAAwAC4AYgBpAGIADwAaAAwATQBhAGMAaQBuAHQAbwBzAGgAIABIAEQAEgAgVXNlcnMvZmlsaXAvRG93bmxvYWRzLzMyNDE0MC5iaWIAEwABLwAAFQACAAz//wAAgAbSGxwdHlokY2xhc3NuYW1lWCRjbGFzc2VzXU5TTXV0YWJsZURhdGGjHR8gVk5TRGF0YVhOU09iamVjdNIbHCIjXE5TRGljdGlvbmFyeaIiIF8QD05TS2V5ZWRBcmNoaXZlctEmJ1Ryb290gAEACAARABoAIwAtADIANwBAAEYATQBVAGAAZwBqAGwAbgBxAHMAdQB3AIQAjgCuALMAuwIrAi0CMgI9AkYCVAJYAl8CaAJtAnoCfQKPApIClwAAAAAAAAIBAAAAAAAAACgAAAAAAAAAAAAAAAAAAAKZ}}

@book{morrow,
	Author = {Morrow, J.},
	Date-Added = {2015-08-10 19:53:09 +0000},
	Date-Modified = {2015-08-10 19:53:46 +0000},
	Publisher = {University of Washington},
	Title = {Advanced Calculus},
	Year = {2013}}

@book{lancaster,
	Author = {Lancaster, P. and Tismenetsky, M.},
	Date-Added = {2015-08-10 19:51:56 +0000},
	Date-Modified = {2015-08-10 19:52:06 +0000},
	Isbn = {9780124355606},
	Lccn = {83015775},
	Publisher = {Academic Press},
	Series = {Computer Science and Scientific Computing Series},
	Title = {The Theory of Matrices: With Applications},
	Url = {https://books.google.be/books?id=2c011Aptsa8C},
	Year = {1985},
	Bdsk-Url-1 = {https://books.google.be/books?id=2c011Aptsa8C}}

@book{brualdi,
	Author = {Brualdi, R.A. and Ryser, H.J.},
	Date-Added = {2015-08-10 19:51:20 +0000},
	Date-Modified = {2015-08-10 19:52:16 +0000},
	Isbn = {9780521322652},
	Lccn = {90020210},
	Publisher = {Cambridge University Press},
	Series = {Encyclopedia of Mathematics and its Applications},
	Title = {Combinatorial Matrix Theory},
	Url = {https://books.google.be/books?id=vVTdbb6930EC},
	Year = {1991},
	Bdsk-Url-1 = {https://books.google.be/books?id=vVTdbb6930EC}}

@book{varga1962matrix,
	Author = {Varga, R.S.},
	Date-Added = {2015-08-10 19:50:48 +0000},
	Date-Modified = {2015-08-10 19:50:48 +0000},
	Lccn = {62021277},
	Publisher = {Prentice-Hall},
	Series = {Prentice-Hall series in automatic computation},
	Title = {Matrix iterative analysis},
	Url = {https://books.google.be/books?id=PFYWAAAAIAAJ},
	Year = {1962},
	Bdsk-Url-1 = {https://books.google.be/books?id=PFYWAAAAIAAJ}}

@book{caenepeel,
	Author = {Caenepeel, S.},
	Date-Added = {2015-08-10 19:46:59 +0000},
	Date-Modified = {2015-08-10 19:47:45 +0000},
	Publisher = {Vrije Universiteit Brussel},
	Title = {Analyse: afleiden, integreren, wiskundige software},
	Year = {2011}}

@book{tropp,
	Author = {Tropp, J.A.},
	Date-Added = {2015-08-10 19:45:51 +0000},
	Date-Modified = {2015-08-10 19:47:56 +0000},
	Publisher = {California Institute of Technology},
	Title = {Introduction to Numerical Methods},
	Year = {2005}}

@article{2,
	Author = {Noutsos, D.},
	Date-Added = {2015-08-10 19:40:19 +0000},
	Date-Modified = {2015-08-10 19:48:18 +0000},
	Journal = {Department of Mathematics, University of Ioannina},
	Month = {May},
	Title = {Perron-Frobenius theory and some extensions},
	Year = {2008}}

@book{1,
	Author = {Sternberg, S.},
	Date-Added = {2015-08-10 19:40:04 +0000},
	Date-Modified = {2015-08-10 19:40:11 +0000},
	Isbn = {9780486135144},
	Publisher = {Dover Publications},
	Title = {Dynamical Systems},
	Url = {https://books.google.be/books?id=9SL0AwAAQBAJ},
	Year = {2014},
	Bdsk-Url-1 = {https://books.google.be/books?id=9SL0AwAAQBAJ}}

@book{bapat1997nonnegative,
	Author = {Bapat, R.B. and Raghavan, T.E.S.},
	Date-Added = {2015-08-10 19:39:14 +0000},
	Date-Modified = {2015-08-10 19:39:14 +0000},
	Isbn = {9780521571678},
	Lccn = {96012844},
	Publisher = {Cambridge University Press},
	Series = {Encyclopedia of Mathematics and its Applications},
	Title = {Nonnegative Matrices and Applications},
	Url = {https://books.google.be/books?id=Imi5nWiUERUC},
	Year = {1997},
	Bdsk-Url-1 = {https://books.google.be/books?id=Imi5nWiUERUC}}

@book{wngebruikt,
	Author = {Eves, H.W.},
	Date-Modified = {2015-08-10 19:37:34 +0000},
	Isbn = {9780486639468},
	Lccn = {79056333},
	Publisher = {Dover},
	Series = {Dover Books on Mathematics Series},
	Title = {Elementary Matrix Theory},
	Url = {https://books.google.be/books?id=ayVxeUNbZRAC},
	Year = {1980},
	Bdsk-Url-1 = {https://books.google.be/books?id=ayVxeUNbZRAC}}
